<?xml version="1.0" encoding="UTF-8"?>
<zs:searchRetrieveResponse xmlns:zs="http://www.loc.gov/zing/srw/">
  <zs:version>1.1</zs:version>
  <zs:numberOfRecords>1</zs:numberOfRecords>
  <zs:records>
    <zs:record>
      <zs:recordSchema/>
      <zs:recordPacking>xml</zs:recordPacking>
      <zs:recordData>
        <record xmlns="http://www.loc.gov/MARC21/slim">
          <leader>01175cam a2200265u  4500</leader>
          <controlfield tag="001">8659646</controlfield>
          <controlfield tag="005">20211027063149.0</controlfield>
          <controlfield tag="008">820428m19001902enk           000 0 eng  </controlfield>
          <datafield tag="906" ind1=" " ind2=" ">
            <subfield code="a">0</subfield>
            <subfield code="b">cbc</subfield>
            <subfield code="c">premunv</subfield>
            <subfield code="d">u</subfield>
            <subfield code="e">ncip</subfield>
            <subfield code="f">19</subfield>
            <subfield code="g">y-gencatlg</subfield>
          </datafield>
          <datafield tag="955" ind1=" " ind2=" ">
            <subfield code="u">he18 2021-10-27 TW situational</subfield>
          </datafield>
          <datafield tag="035" ind1=" " ind2=" ">
            <subfield code="9">(DLC)   01004106</subfield>
          </datafield>
          <datafield tag="010" ind1=" " ind2=" ">
            <subfield code="a">   01004106 </subfield>
          </datafield>
          <datafield tag="040" ind1=" " ind2=" ">
            <subfield code="a">DLC</subfield>
            <subfield code="c">CarP</subfield>
            <subfield code="d">DLC</subfield>
          </datafield>
          <datafield tag="043" ind1=" " ind2=" ">
            <subfield code="a">e------</subfield>
            <subfield code="a">e-uk---</subfield>
            <subfield code="a">e-ur---</subfield>
          </datafield>
          <datafield tag="050" ind1="0" ind2="0">
            <subfield code="a">DA20</subfield>
            <subfield code="b">.R91</subfield>
          </datafield>
          <datafield tag="100" ind1="1" ind2=" ">
            <subfield code="a">Hobart, John,</subfield>
            <subfield code="c">Earl of Buckinghamshire,</subfield>
            <subfield code="d">1723-1793</subfield>
          </datafield>
          <datafield tag="245" ind1="1" ind2="4">
            <subfield code="a">The dispatches and correspondence of John, second earl of Buckinghamshire, ambassador to the court of Catherine II. of Russia 1762-1765 /</subfield>
            <subfield code="c">edited for the Royal Historical Society with introduction and notes, by Adelaide D'Arcy Collyer.</subfield>
          </datafield>
          <datafield tag="260" ind1=" " ind2=" ">
            <subfield code="a">London,</subfield>
            <subfield code="a">New York [etc.]</subfield>
            <subfield code="b">Longmans, Green and co.,</subfield>
            <subfield code="c">1900-02.</subfield>
          </datafield>
          <datafield tag="300" ind1=" " ind2=" ">
            <subfield code="a">2 v.</subfield>
            <subfield code="c">22 x 17 cm.</subfield>
          </datafield>
          <datafield tag="651" ind1=" " ind2="0">
            <subfield code="a">Great Britain</subfield>
            <subfield code="x">Foreign relations</subfield>
            <subfield code="z">Russia.</subfield>
          </datafield>
          <datafield tag="651" ind1=" " ind2="0">
            <subfield code="a">Russia</subfield>
            <subfield code="x">Foreign relations</subfield>
            <subfield code="z">Great Britain.</subfield>
          </datafield>
          <datafield tag="651" ind1=" " ind2="0">
            <subfield code="a">Russia</subfield>
            <subfield code="x">History</subfield>
            <subfield code="y">Catherine II, 1762-1796.</subfield>
          </datafield>
          <datafield tag="651" ind1=" " ind2="0">
            <subfield code="a">Europe</subfield>
            <subfield code="x">Politics and government</subfield>
            <subfield code="y">1648-1789.</subfield>
          </datafield>
          <datafield tag="700" ind1="1" ind2=" ">
            <subfield code="a">Collyer, Adelaide D'Arcy,</subfield>
            <subfield code="e">ed.</subfield>
          </datafield>
          <datafield tag="991" ind1=" " ind2=" ">
            <subfield code="b">c-GenColl</subfield>
            <subfield code="h">DA20</subfield>
            <subfield code="i">.R91</subfield>
            <subfield code="p">00001533046</subfield>
            <subfield code="t">Copy 1</subfield>
            <subfield code="v">2:3</subfield>
            <subfield code="w">PREM</subfield>
          </datafield>
        </record>
      </zs:recordData>
      <zs:recordPosition>1</zs:recordPosition>
    </zs:record>
  </zs:records>
  <zs:echoedSearchRetrieveRequest>
    <zs:version>1.1</zs:version>
    <zs:query>dc.creator="Collyer, Adelaide D'Arcy" or dc.creator="Collyer, Adelaide D'Arey" or dc.creator="Collyer, Adelaide Martha" or dc.creator="Shuckburgh, Adelaide Martha"</zs:query>
    <zs:maximumRecords>100</zs:maximumRecords>
    <zs:recordPacking>xml</zs:recordPacking>
  </zs:echoedSearchRetrieveRequest>
</zs:searchRetrieveResponse>
